@article{park2019practical,
  title={A practical generation-interval-based approach to inferring the strength of epidemics from their speed},
  author={Park, Sang Woo and Champredon, David and Weitz, Joshua S and Dushoff, Jonathan},
  journal={Epidemics},
  volume={27},
  pages={12--18},
  year={2019},
  publisher={Elsevier}
}

@article{cdcncov,
  title={{2019 Novel Coronavirus (2019-nCoV), Wuhan, China}},
  author={{Centers for Disease Control and Prevention}},
  year={2020},
  note={https://www.cdc.gov/coronavirus/2019-ncov/summary.html. Accessed 29, January, 2020.}
}

@article{imaincov,
  title={{Report 3: Transmissibility of 2019-nCoV}},
  author={Imai, Natsuok and Cori, Anne and Dorigatti, Ilaria and Baguelin, Marc and Donelly, Chirstl A. and Riley, Steven and Ferguson, Neil M.},
  year={2020},
  note={https://www.imperial.ac.uk/media/imperial-college/medicine/sph/ide/gida-fellowships/Imperial-2019-nCoV-transmissibility.pdf. Accessed 26, January, 2020.}
}

@article{riouncov,
  title={{Pattern of early human-to-human transmission of wuhan 2019-nCoV}},
  author={Riou, Julien and Althaus, Christian L},
  year={2020},
  note={https://www.biorxiv.org/content/10.1101/2020.01.23.917351v1. Accessed 26, January, 2020.}
}

@article{readncov,
  title={{Novel coronavirus 2019-nCoV: early estimation of epidemiological parameters and
epidemic predictions}},
  author={Read, Jonathan M. and Bridgen, Jessica R.E. and Cummings, Derek A.T. and Ho, Antonia and Jewell, Chris P.},
  year={2020},
  note={https://www.medrxiv.org/content/10.1101/2020.01.23.20018549v1. Accessed 26, January, 2020.}
}

@article{zhaoncov,
  title={{Preliminary estimation of the basic reproduction number of novel
coronavirus (2019-nCoV) in China, from 2019 to 2020: A data-driven
analysis in the early phase of the outbreak}},
  author={Zhao, Shi and Ran, Jinjun and Musa, Salihu S. and Yang, Gaungpu and Lou, Yijun and Gao, Daozhou and Yang, Lin and He, Daihai},
  year={2020},
  note={https://www.biorxiv.org/content/10.1101/2020.01.23.916395v1. Accessed 26, January, 2020.}
}

@article{majumderncov,
  title={Early Transmissibility Assessment of a Novel Coronavirus in {Wuhan, China}},
  author={Majumder, Maimuna and Mandl, Kenneth D.},
  year={2020},
  note={https://papers.ssrn.com/sol3/papers.cfm?abstract\_id=3524675. Accessed 27, January, 2020.}
}

@article{liuncov,
  title={{Transmission dynamics of 2019 novel coronavirus (2019-nCoV)}},
  author={Liu, Tao and Hu, Jianxiong and Kang, Min and Lin, Lifeng and Zhong, Haojie and Xiao, Jianpeng and He, Guanhao and Song, Tie and Huang, Qiong and Rong, Zuhua and Deng, Aiping and Zeng, Weilin and Tan, Xiaohua and Zeng, Siqing and Zhu, Zhihua and Li, Jiansen and Wan, Donghua and Lu, Jing and Deng, Huihong and He, Jianfeng and Ma, Wenjun},
  year={2020},
  note={https://www.biorxiv.org/content/10.1101/2020.01.25.919787v1. Accessed 27, January, 2020.}
}

@article{ma2014estimating,
  title={Estimating initial epidemic growth rates},
  author={Ma, Junling and Dushoff, Jonathan and Bolker, Benjamin M and Earn, David JD},
  journal={Bulletin of mathematical biology},
  volume={76},
  number={1},
  pages={245--260},
  year={2014},
  publisher={Springer}
}

@article{who28report,
  title={{Novel Coronavirus (2019-nCoV) Situation Report - 8}},
  author={{World Health Organization}},
  year={2020},
  note={https://www.who.int/docs/default-source/coronaviruse/situation-reports/20200128-sitrep-8-ncov-cleared.pdf?sfvrsn=8b671ce5\_2. Accessed 28, January, 2020.}
}

@article{who27report,
  title={{Novel Coronavirus (2019-nCoV) Situation Report - 7}},
  author={{World Health Organization}},
  year={2020},
  note={https://www.who.int/docs/default-source/coronaviruse/situation-reports/20200127-sitrep-7-2019--ncov.pdf?sfvrsn=98ef79f5\_2. Accessed 27, January, 2020.}
}

@article{who26report,
  title={{Novel Coronavirus (2019-nCoV) Situation Report - 6}},
  author={{World Health Organization}},
  year={2020},
  note={https://www.who.int/docs/default-source/coronaviruse/situation-reports/20200126-sitrep-6-2019--ncov.pdf?sfvrsn=beaeee0c\_4. Accessed 26, January, 2020.}
}

@article{gelman1992inference,
  title={Inference from iterative simulation using multiple sequences},
  author={Gelman, Andrew and Rubin, Donald B and others},
  journal={Statistical science},
  volume={7},
  number={4},
  pages={457--472},
  year={1992},
  publisher={Institute of Mathematical Statistics}
}


@article{chowell2003sars,
  title={{SARS outbreaks in Ontario, Hong Kong and Singapore: the role of diagnosis and isolation as a control mechanism}},
  author={Chowell, Gerardo and Fenimore, Paul W and Castillo-Garsow, Melissa A and Castillo-Chavez, Carlos},
  journal={Journal of theoretical biology},
  volume={224},
  number={1},
  pages={1--8},
  year={2003},
  publisher={Elsevier}
}

@article{mills2004transmissibility,
  title={Transmissibility of 1918 pandemic influenza},
  author={Mills, Christina E and Robins, James M and Lipsitch, Marc},
  journal={Nature},
  volume={432},
  number={7019},
  pages={904},
  year={2004},
  publisher={Nature Publishing Group}
}

@article{nishiura2009transmission,
  title={{Transmission potential of the new influenza A (H1N1) virus and its age-specificity in Japan}},
  author={Nishiura, Hiroshi and Castillo-Chavez, Carlos and Safan, Muntaser and Chowell, Gerardo},
  journal={Eurosurveillance},
  volume={14},
  number={22},
  pages={19227},
  year={2009},
  publisher={European Centre for Disease Prevention and Control}
}

@article{nishiura2010pros,
  title={{Pros and cons of estimating the reproduction number from early epidemic growth rate of influenza A (H1N1) 2009}},
  author={Nishiura, Hiroshi and Chowell, Gerardo and Safan, Muntaser and Castillo-Chavez, Carlos},
  journal={Theoretical Biology and Medical Modelling},
  volume={7},
  number={1},
  pages={1},
  year={2010},
  publisher={BioMed Central}
}

@article{svensson2007note,
  title={A note on generation times in epidemic models},
  author={Svensson, {\AA}ke},
  journal={Mathematical biosciences},
  volume={208},
  number={1},
  pages={300--311},
  year={2007},
  publisher={Elsevier}
}

@article{wallinga2007generation,
  title={How generation intervals shape the relationship between growth rates and reproductive numbers},
  author={Wallinga, Jacco and Lipsitch, Marc},
  journal={Proceedings of the Royal Society of London B: Biological Sciences},
  volume={274},
  number={1609},
  pages={599--604},
  year={2007},
  publisher={The Royal Society}
}

@book{anderson1991infectious,
  title={Infectious diseases of humans: dynamics and control},
  author={Anderson, Roy M and May, Robert M},
  year={1991},
  publisher={Oxford university press}
}

@article{ma2006generality,
  title={Generality of the final size formula for an epidemic of a newly invading infectious disease},
  author={Ma, Junling and Earn, David JD},
  journal={Bulletin of Mathematical Biology},
  volume={68},
  number={3},
  pages={679--702},
  year={2006},
  publisher={Springer}
}

@article{arino2007final,
  title={A final size relation for epidemic models},
  author={Arino, Julien and Brauer, Fred and Van Den Driessche, P and Watmough, James and Wu, Jianhong},
  journal={Mathematical Biosciences and Engineering},
  volume={4},
  number={2},
  pages={159},
  year={2007},
  publisher={AMERICAN INSTITUTE OF MATHEMATICAL SCIENCES}
}

@article{andreasen2011final,
  title={The final size of an epidemic and its relation to the basic reproduction number},
  author={Andreasen, Viggo},
  journal={Bulletin of mathematical biology},
  volume={73},
  number={10},
  pages={2305--2321},
  year={2011},
  publisher={Springer}
}

@article{miller2012note,
  title={A note on the derivation of epidemic final sizes},
  author={Miller, Joel C},
  journal={Bulletin of mathematical biology},
  volume={74},
  number={9},
  pages={2125--2141},
  year={2012},
  publisher={Springer}
}

@article{pagel2004bayesian,
  title={Bayesian estimation of ancestral character states on phylogenies},
  author={Pagel, Mark and Meade, Andrew and Barker, Daniel},
  journal={Systematic biology},
  volume={53},
  number={5},
  pages={673--684},
  year={2004},
  publisher={Society of Systematic Zoology}
}


@article{bedford2014integrating,
  title={Integrating influenza antigenic dynamics with molecular evolution},
  author={Bedford, Trevor and Suchard, Marc A and Lemey, Philippe and Dudas, Gytis and Gregory, Victoria and Hay, Alan J and McCauley, John W and Russell, Colin A and Smith, Derek J and Rambaut, Andrew},
  journal={elife},
  volume={3},
  pages={e01914},
  year={2014},
  publisher={eLife Sciences Publications Limited}
}

@article{diekmann1990definition,
  title={On the definition and the computation of the basic reproduction ratio $\mathcal{R}_0$ in models for infectious diseases in heterogeneous populations},
  author={Diekmann, Odo and Heesterbeek, Johan Andre Peter and Metz, Johan AJ},
  journal={Journal of mathematical biology},
  volume={28},
  number={4},
  pages={365--382},
  year={1990},
  publisher={Springer}
}

@article{king2015avoidable,
  title={Avoidable errors in the modelling of outbreaks of emerging pathogens, with special reference to {Ebola}},
  author={King, Aaron A and Domenech de Cell{\`e}s, Matthieu and Magpantay, Felicia MG and Rohani, Pejman},
  journal={Proceedings of the Royal Society B: Biological Sciences},
  volume={282},
  number={1806},
  pages={20150347},
  year={2015},
  publisher={The Royal Society}
}

@article{huang2020clinical,
  title={{Clinical features of patients infected with 2019 novel coronavirus in Wuhan, China}},
  author={Huang, Chaolin and Wang, Yeming and Li, Xingwang and Ren, Lili and Zhao, Jianping and Hu, Yi and Zhang, Li and Fan, Guohui and Xu, Jiuyang and Gu, Xiaoying and others},
  journal={The Lancet},
  year={2020},
  publisher={Elsevier}
}

@article{mcbryde2009early,
  title={{Early transmission characteristics of influenza A (H1N1) v in Australia: Victorian state, 16 May--3 June 2009}},
  author={McBryde, ES and Bergeri, Isabel and van Gemert, Caroline and Rotty, J and Headley, EJ and Simpson, Kleete and Lester, RA and Hellard, Margaret and Fielding, James E},
  journal={Eurosurveillance},
  volume={14},
  number={42},
  pages={19363},
  year={2009},
  publisher={European Centre for Disease Prevention and Control}
}

@article{roberts2011early,
  title={{Early estimation of the reproduction number in the presence of imported cases: pandemic influenza H1N1-2009 in New Zealand}},
  author={Roberts, Michael George and Nishiura, Hiroshi},
  journal={PLoS One},
  volume={6},
  number={5},
  year={2011},
  publisher={Public Library of Science}
}
