@article{park2019practical,
  title={A practical generation-interval-based approach to inferring the strength of epidemics from their speed},
  author={Park, Sang Woo and Champredon, David and Weitz, Joshua S and Dushoff, Jonathan},
  journal={Epidemics},
  volume={27},
  pages={12--18},
  year={2019},
  publisher={Elsevier}
}

@article{imaincov,
  title={{Report 3: Transmissibility of 2019-nCoV}},
  author={Imai, Natsuok and Cori, Anne and Dorigatti, Ilaria and Baguelin, Marc and Donelly, Chirstl A. and Riley, Steven and Ferguson, Neil M.},
  year={2020},
  note={https://www.imperial.ac.uk/media/imperial-college/medicine/sph/ide/gida-fellowships/Imperial-2019-nCoV-transmissibility.pdf}
}

@article{riouncov,
  title={{Pattern of early human-to-human transmission of wuhan 2019-nCoV}},
  author={Riou, Julien and Althaus, Christian L},
  year={2020},
  note={https://github.com/jriou/wcov/tree/5b921454393f130f33a766b42ae2474749719cb1}
}

@article{readncov,
  title={{Novel coronavirus 2019-nCoV: early estimation of epidemiological parameters and
epidemic predictions}},
  author={Read, Jonathan M. and Bridgen, Jessica R.E. and Cummings, Derek A.T. and Ho, Antonia and Jewell, Chris P.},
  year={2020},
  note={https://www.medrxiv.org/content/10.1101/2020.01.23.20018549v1}
}

@article{zhaoncov,
  title={{Preliminary estimation of the basic reproduction number of novel
coronavirus (2019-nCoV) in China, from 2019 to 2020: A data-driven
analysis in the early phase of the outbreak}},
  author={Zhao, Shi and Ran, Jinjun and Musa, Salihu S. and Yang, Gaungpu and Lou, Yijun and Gao, Daozhou and Yang, Lin and He, Daihai},
  year={2020},
  note={https://www.biorxiv.org/content/10.1101/2020.01.23.916395v1}
}

@article{majumderncov,
  title={Early Transmissibility Assessment of a Novel Coronavirus in {Wuhan, China}},
  author={Majumder, Maimuna and Mandl, Kenneth D.},
  year={2020},
  note={https://papers.ssrn.com/sol3/papers.cfm?abstract\_id=3524675}
}

@article{ma2014estimating,
  title={Estimating initial epidemic growth rates},
  author={Ma, Junling and Dushoff, Jonathan and Bolker, Benjamin M and Earn, David JD},
  journal={Bulletin of mathematical biology},
  volume={76},
  number={1},
  pages={245--260},
  year={2014},
  publisher={Springer}
}
